<record><leader>00000cas a22000007a 4500</leader><controlfield tag="001">13107355</controlfield><controlfield tag="008">860205d18851899iduwr ne      0    0eng d</controlfield><datafield ind1=" " ind2=" " tag="010"><subfield code="a">sn 86091095 </subfield></datafield><datafield ind1=" " ind2=" " tag="040"><subfield code="a">UNP</subfield><subfield code="b">eng</subfield><subfield code="c">UNP</subfield><subfield code="d">NVB</subfield><subfield code="d">OCLCQ</subfield><subfield code="d">OCLCF</subfield><subfield code="d">OCLCO</subfield></datafield><datafield ind1="1" ind2=" " tag="029"><subfield code="a">AU@</subfield><subfield code="b">000025795052</subfield></datafield><datafield ind1=" " ind2=" " tag="042"><subfield code="a">msc</subfield></datafield><datafield ind1=" " ind2=" " tag="043"><subfield code="a">n-us-id</subfield></datafield><datafield ind1=" " ind2="4" tag="050"><subfield code="a">AN2.I2</subfield><subfield code="b">K472</subfield></datafield><datafield ind1="0" ind2=" " tag="130"><subfield code="a">Ketchum keystone (Ketchum, Idaho : 1885)</subfield></datafield><datafield ind1="1" ind2="4" tag="245"><subfield code="a">The Ketchum keystone.</subfield></datafield><datafield ind1=" " ind2=" " tag="260"><subfield code="a">Ketchum, Idaho :</subfield><subfield code="b">W.A. Wheeler,</subfield><subfield code="c">1885-1899.</subfield></datafield><datafield ind1=" " ind2=" " tag="300"><subfield code="a">v. :</subfield><subfield code="b">ill.</subfield></datafield><datafield ind1=" " ind2=" " tag="310"><subfield code="a">Weekly</subfield></datafield><datafield ind1="1" ind2=" " tag="362"><subfield code="a">Began with Aug. 22, 1885.</subfield></datafield><datafield ind1="0" ind2=" " tag="362"><subfield code="a">-v. 18, no. 8 (Feb. 4, 1899).</subfield></datafield><datafield ind1=" " ind2=" " tag="580"><subfield code="a">Absorbed: Ketchum bulletin, May 1887.</subfield></datafield><datafield ind1=" " ind2=" " tag="588"><subfield code="a">Description based on: Vol. 4, no. 41 (Aug. 29, 1885).</subfield></datafield><datafield ind1=" " ind2="0" tag="651"><subfield code="a">Ketchum (Idaho)</subfield><subfield code="v">Newspapers.</subfield></datafield><datafield ind1=" " ind2="7" tag="655"><subfield code="a">Newspapers.</subfield><subfield code="2">fast</subfield><subfield code="0">(OCoLC)fst01423814</subfield></datafield><datafield ind1=" " ind2="7" tag="651"><subfield code="a">Idaho</subfield><subfield code="z">Ketchum.</subfield><subfield code="2">fast</subfield><subfield code="0">(OCoLC)fst01230433</subfield></datafield><datafield ind1=" " ind2=" " tag="752"><subfield code="a">United States</subfield><subfield code="b">Idaho</subfield><subfield code="c">Alturas</subfield><subfield code="d">Ketchum.</subfield></datafield><datafield ind1=" " ind2=" " tag="752"><subfield code="a">United States</subfield><subfield code="b">Idaho</subfield><subfield code="c">Blaine</subfield><subfield code="d">Ketchum.</subfield></datafield><datafield ind1="0" ind2="0" tag="780"><subfield code="t">Idaho semi-weekly keystone</subfield><subfield code="w">(DLC)sn 89055142</subfield></datafield><datafield ind1="1" ind2="5" tag="780"><subfield code="t">Ketchum bulletin</subfield><subfield code="w">(DLC)sn 86091151</subfield><subfield code="w">(OCoLC)13147894</subfield></datafield></record>